<record><leader>00000cas a22000007a 4500</leader><controlfield tag="001">21486272</controlfield><controlfield tag="008">900507d193119uuaruwr ne      0    0eng d</controlfield><datafield ind1=" " ind2=" " tag="010"><subfield code="a">sn 90050167 </subfield></datafield><datafield ind1=" " ind2=" " tag="040"><subfield code="a">ANU</subfield><subfield code="b">eng</subfield><subfield code="c">ANU</subfield><subfield code="d">OCLCQ</subfield></datafield><datafield ind1=" " ind2=" " tag="042"><subfield code="a">msc</subfield></datafield><datafield ind1="0" ind2=" " tag="130"><subfield code="a">Nashville Democrat (Nashville, Ark.)</subfield></datafield><datafield ind1="1" ind2="0" tag="245"><subfield code="a">Nashville Democrat.</subfield></datafield><datafield ind1=" " ind2=" " tag="260"><subfield code="a">Nashville, Howard County, Ark. :</subfield><subfield code="b">John Fred King</subfield></datafield><datafield ind1=" " ind2=" " tag="300"><subfield code="a">v.</subfield></datafield><datafield ind1=" " ind2=" " tag="310"><subfield code="a">Weekly</subfield></datafield><datafield ind1="1" ind2=" " tag="362"><subfield code="a">Began in 1931.</subfield></datafield><datafield ind1=" " ind2=" " tag="588"><subfield code="a">Description based on: Vol. 4, no. 8 (May 4, 1934).</subfield></datafield><datafield ind1=" " ind2=" " tag="752"><subfield code="a">United States</subfield><subfield code="b">Arkansas</subfield><subfield code="c">Howard</subfield><subfield code="d">Nashville.</subfield></datafield></record>